@inproceedings{chowdhury2017design,
  title={Design, operation and performance evaluation of a portable perforated steel tray rainfall simulator},
  author={Chowdhury, Md Enayet and Islam, Md Azijul and Islam, Mohammad Shariful and Shahriar, Md Safin and Alam, Tahsina},
  booktitle={Proceedings of 14th Global Engineering and Technology Conference},
  volume={63},
  year={2017}
}